<record><leader>00000cas a2200000 a 4500</leader><controlfield tag="001">25920990</controlfield><controlfield tag="008">920601d18671925iluwr ne      0   a0eng c</controlfield><datafield ind1=" " ind2=" " tag="010"><subfield code="a">sn 92053883 </subfield></datafield><datafield ind1=" " ind2=" " tag="040"><subfield code="a">NVF</subfield><subfield code="b">eng</subfield><subfield code="c">NVF</subfield><subfield code="d">OCL</subfield><subfield code="d">OCLCQ</subfield><subfield code="d">NVF</subfield><subfield code="d">OCLCQ</subfield><subfield code="d">OCLCF</subfield><subfield code="d">NVF</subfield><subfield code="d">OCLCO</subfield></datafield><datafield ind1=" " ind2=" " tag="019"><subfield code="a">12071782</subfield></datafield><datafield ind1="1" ind2=" " tag="029"><subfield code="a">AU@</subfield><subfield code="b">000020745417</subfield></datafield><datafield ind1=" " ind2=" " tag="042"><subfield code="a">pcc</subfield></datafield><datafield ind1=" " ind2=" " tag="043"><subfield code="a">n-us-il</subfield></datafield><datafield ind1="0" ind2="4" tag="245"><subfield code="a">The Du Quoin tribune.</subfield></datafield><datafield ind1="1" ind2="3" tag="246"><subfield code="a">Du Quoin weekly tribune</subfield><subfield code="f">June 27-Sept. 19, 1867, Mar. 26, 1868-June 3, 1869</subfield></datafield><datafield ind1="1" ind2="3" tag="246"><subfield code="a">Du Quoin tribune and recorder</subfield><subfield code="f">Nov. 7, 1867</subfield></datafield><datafield ind1="1" ind2="3" tag="246"><subfield code="a">Du Quoin weekly tribune and recorder</subfield><subfield code="f">Nov. 14, 1867-Mar. 19, 1868</subfield></datafield><datafield ind1=" " ind2=" " tag="260"><subfield code="a">Du Quoin, Ills. [Ill.] :</subfield><subfield code="b">A.J. Alden,</subfield><subfield code="c">1867-1925.</subfield></datafield><datafield ind1=" " ind2=" " tag="300"><subfield code="a">v.</subfield></datafield><datafield ind1=" " ind2=" " tag="310"><subfield code="a">Weekly</subfield></datafield><datafield ind1="0" ind2=" " tag="362"><subfield code="a">Vol. 1, no. 1 (Mar. 28, 1867)-v. 63, no. 25 (June 19, 1925).</subfield></datafield><datafield ind1=" " ind2="0" tag="651"><subfield code="a">Perry County (Ill.)</subfield><subfield code="v">Newspapers.</subfield></datafield><datafield ind1=" " ind2="0" tag="651"><subfield code="a">Du Quoin (Ill.)</subfield><subfield code="v">Newspapers.</subfield></datafield><datafield ind1=" " ind2="7" tag="651"><subfield code="a">Illinois</subfield><subfield code="z">Du Quoin.</subfield><subfield code="2">fast</subfield><subfield code="0">(OCoLC)fst01226524</subfield></datafield><datafield ind1=" " ind2="7" tag="651"><subfield code="a">Illinois</subfield><subfield code="z">Perry County.</subfield><subfield code="2">fast</subfield><subfield code="0">(OCoLC)fst01215005</subfield></datafield><datafield ind1=" " ind2="7" tag="655"><subfield code="a">Newspapers.</subfield><subfield code="2">fast</subfield><subfield code="0">(OCoLC)fst01423814</subfield></datafield><datafield ind1=" " ind2=" " tag="752"><subfield code="a">United States</subfield><subfield code="b">Illinois</subfield><subfield code="c">Perry</subfield><subfield code="d">Du Quoin.</subfield></datafield><datafield ind1="0" ind2="5" tag="780"><subfield code="t">Du Quoin recorder</subfield></datafield></record>